@inproceedings{sutherland1968head,
  title={A head-mounted three dimensional display},
  author={Sutherland, Ivan E},
  booktitle={Proceedings of the December 9-11, 1968, fall joint computer conference, part I},
  pages={757--764},
  year={1968},
  organization={ACM}
}

@misc{hypecycle,
    author = "{Kasey Panetta}",
    title = "Top Trends in the Gartner Hype Cycle for Emerging Technologies, 2017",
    year = "2017",
   howpublished = "\url{https://www.gartner.com/smarterwithgartner/top-trends-in-the-gartner-hype-cycle-for-emerging-technologies-2017/}",
    note = "[Online; accessed 26-June-2018]"
  }
  
@misc{hypecycledef,
    author = "{Gartner}",
    title = "Hype Cycle",
    year = "2017",
    howpublished = "\url{https://www.gartner.com/it-glossary/hype-cycle}",
    note = "[Online; accessed 26-June-2018]"
  }
  
@article{slater2003note,
  title={A note on presence terminology},
  author={Slater, Mel},
  journal={Presence connect},
  volume={3},
  number={3},
  pages={1--5},
  year={2003},
  publisher={Emerald Group Publishing Limited}
}

@article{bowman2007virtual,
  title={Virtual reality: how much immersion is enough?},
  author={Bowman, Doug A and McMahan, Ryan P},
  journal={Computer},
  volume={40},
  number={7},
  year={2007},
  publisher={IEEE}
}

@article{sanchez2005presence,
  title={From presence to consciousness through virtual reality},
  author={Sanchez-Vives, Maria V and Slater, Mel},
  journal={Nature Reviews Neuroscience},
  volume={6},
  number={4},
  pages={332},
  year={2005},
  publisher={Nature Publishing Group}
}

@inproceedings{casanueva2001effects,
  title={The effects of avatars on co-presence in a collaborative virtual environment},
  author={Casanueva, Juan S and Blake, Edwin H},
  booktitle={Annual Conference of the South African Institute of Computer Scientists and Information Technologists (SAICSIT2001). Pretoria, South Africa},
  year={2001}
}

@article{tromp1998small,
  title={Small group behaviour experiments in the coven project},
  author={Tromp, Jolanda and Bullock, Adrian and Steed, Anthony and Sadagic, Amela and Slater, Mel and Fr{\'e}con, Emmanuel},
  journal={IEEE Computer Graphics and Applications},
  volume={18},
  number={6},
  pages={53--63},
  year={1998},
  publisher={IEEE}
}

@article{slater2000small,
  title={Small-group behavior in a virtual and real environment: A comparative study},
  author={Slater, Mel and Sadagic, Amela and Usoh, Martin and Schroeder, Ralph},
  journal={Presence: Teleoperators \& Virtual Environments},
  volume={9},
  number={1},
  pages={37--51},
  year={2000},
  publisher={MIT Press}
}

@article{kennedy1993simulator,
  title={Simulator sickness questionnaire: An enhanced method for quantifying simulator sickness},
  author={Kennedy, Robert S and Lane, Norman E and Berbaum, Kevin S and Lilienthal, Michael G},
  journal={The international journal of aviation psychology},
  volume={3},
  number={3},
  pages={203--220},
  year={1993},
  publisher={Taylor \& Francis}
}

@article{riccio1991ecological,
  title={An ecological theory of motion sickness and postural instability},
  author={Riccio, Gary E and Stoffregen, Thomas A},
  journal={Ecological psychology},
  volume={3},
  number={3},
  pages={195--240},
  year={1991},
  publisher={Taylor \& Francis}
}

@article{selcon1990evaluation,
  title={Evaluation of the Situational Awareness Rating Technique(SART) as a tool for aircrew systems design},
  author={Selcon, SJ and Taylor, RM},
  journal={AGARD, Situational Awareness in Aerospace Operations 8 p(SEE N 90-28972 23-53)},
  year={1990}
}

@incollection{hart1988development,
  title={Development of NASA-TLX (Task Load Index): Results of empirical and theoretical research},
  author={Hart, Sandra G and Staveland, Lowell E},
  booktitle={Advances in psychology},
  volume={52},
  pages={139--183},
  year={1988},
  publisher={Elsevier}
}

@article{cobb1999virtual,
  title={Virtual reality-induced symptoms and effects (VRISE)},
  author={Cobb, Sue VG and Nichols, Sarah and Ramsey, Amanda and Wilson, John R},
  journal={Presence: Teleoperators \& Virtual Environments},
  volume={8},
  number={2},
  pages={169--186},
  year={1999},
  publisher={MIT Press}
}

@article{wiederhold1998fear,
  title={Fear of flying: A case report using virtual reality therapy with physiological monitoring},
  author={Wiederhold, Brenda K and Gevirtz, Richard and Wiederhold, Mark D},
  journal={CyberPsychology \& Behavior},
  volume={1},
  number={2},
  pages={97--103},
  year={1998}
}

@article{kuriakose2015understanding,
  title={Understanding the psycho-physiological implications of interaction with a virtual reality-based system in adolescents with autism: a feasibility study},
  author={Kuriakose, Selvia and Lahiri, Uttama},
  journal={IEEE Transactions on Neural Systems and Rehabilitation Engineering},
  volume={23},
  number={4},
  pages={665--675},
  year={2015},
  publisher={IEEE}
}

@article{seinfeld2016influence,
  title={Influence of music on anxiety induced by fear of heights in virtual reality},
  author={Seinfeld, Sofia and Bergstrom, Ilias and Pomes, Ausias and Arroyo-Palacios, Jorge and Vico, Francisco and Slater, Mel and Sanchez-Vives, Maria V},
  journal={Frontiers in psychology},
  volume={6},
  pages={1969},
  year={2016},
  publisher={Frontiers}
}

@article{llobera2013relationship,
  title={The relationship between virtual body ownership and temperature sensitivity},
  author={Llobera, Joan and Sanchez-Vives, Maria Victoria and Slater, Mel},
  journal={Journal of the Royal Society Interface},
  volume={10},
  number={85},
  pages={20130300},
  year={2013},
  publisher={The Royal Society}
}

@article{wiederhold2014clinical,
  title={Clinical use of virtual reality distraction system to reduce anxiety and pain in dental procedures},
  author={Wiederhold, Mark D and Gao, Kenneth and Wiederhold, Brenda K},
  journal={Cyberpsychology, Behavior, and Social Networking},
  volume={17},
  number={6},
  pages={359--365},
  year={2014},
  publisher={Mary Ann Liebert, Inc. 140 Huguenot Street, 3rd Floor New Rochelle, NY 10801 USA}
}